@inproceedings{Bursztein2015Framingde,
	       title={Framing dependencies introduced by underground commoditization},
	       author={Thomas, Kurt and Huang, Danny and Wang, David and Bursztein, Elie and Grier, Chris and Holt, Thomas J. and Kruegel, Christopher and McCoy, Damon and Savage, Stefan and Vigna, Giovanni},
	       booktitle={Workshop on Economics of Information Security},
	       year={2015},
	       organization={WEIS}
}
@inproceedings{huang2018tracking,
  		title={Tracking ransomware end-to-end},
  		author={Huang, Danny Yuxing and Aliapoulios, Maxwell Matthaios and Li, Vector Guo and Invernizzi, Luca and Bursztein, Elie and McRoberts, Kylie and Levin, Jonathan and Levchenko, Kirill and Snoeren, Alex C and McCoy, Damon},
  		booktitle={2018 IEEE Symposium on Security and Privacy (SP)},
  		pages={618--631},
  		year={2018},
  		organization={IEEE}
}
@inproceedings{kharraz2015cutting,
  		title={Cutting the gordian knot: A look under the hood of ransomware attacks},
 		 author={Kharraz, Amin and Robertson, William and Balzarotti, Davide and Bilge, Leyla and Kirda, Engin},
 		 booktitle={International Conference on Detection of Intrusions and Malware, and Vulnerability Assessment},
 		 pages={3--24},
 		 year={2015},
 		 organization={Springer}
}
@article{paquet2019ransomware,
  		title={Ransomware payments in the bitcoin ecosystem},
  		author={Paquet-Clouston, Masarah and Haslhofer, Bernhard and Dupont, Benoit},
  		journal={Journal of Cybersecurity},
  		volume={5},
  		number={1},
  		pages={tyz003},
  		year={2019},
  		publisher={Oxford University Press}
}
